3511 2558
405 61 727 166 Óyeme solo
399 133 1007 273 de la suerte que los míos
387 236 1015 339 vuelven a adorar tus ojos.
408 308 1054 387 ¿Viste cristalina fuente
403 364 1052 455 a cuyo conduto ufano
398 441 1027 519 se opuso curiosa mano
400 498 1010 607 y le atajó la corriente,
414 551 1231 693 que cuando apartarla intente,
428 633 1081 740 en la misma resistencia
417 706 1127 818 brota con más diligencia?
413 795 1079 914 De esa manera mi amor
405 865 1055 1000 tuvo suspenso el ardor,
306 936 1082 1083 y hoy brota con más violencia.
410 1051 911 1158 Tímido pez que gozó
418 1108 1115 1231 las ondas del mar iguales,
426 1180 1097 1288 por burlar a los cristales
419 1257 983 1369 en la orilla tropezó;
416 1323 1077 1462 perdió su centro y porfió
417 1411 1118 1521 con uno y con otro encuentro
420 1496 1165 1603 del mar hasta hallarse dentro.
405 1585 1016 1707 Semejanza del pez fui:
423 1674 1097 1767 sin mi centro estoy sin ti,
414 1745 1118 1861 y ando buscando mi centro.
425 1807 1152 1935 Quien ve que a la luz hermosa
418 1901 978 1989 la mariposa adoró,
419 1962 1025 2092 quita la luz por que no
422 2046 1036 2163 peligre; la mariposa,
429 2105 1111 2214 hasta hallarla, no reposa,
432 2186 1160 2295 que aunque la perdió, la ama.
426 2257 1162 2383 Aquel ejemplo me llama:
429 2335 1119 2443 tu luz hermosa adoré,
2055 51 2741 151 de la llama me aparté,
2059 196 2702 284 la hermosa doña
2059 337 2827 440 ya vuelvo a buscar la llama.
2061 411 2768 526 Mi amor, pues —que como fuente
2068 507 2669 587 más presurosa, corrió;
2060 553 2605 663 como pez, centro buscó;
2067 642 2680 762 mariposa, luz ardiente—,
2073 710 2668 827 repetir logros intente;
2073 793 2786 901 que aunque al verte desdeñosa,
2069 864 2754 960 solo en ti alienta y reposa,
2072 943 2860 1055 por que ejemplo a los tres sea,
2058 1016 2752 1106 corre, anima y galantea,
2065 1102 2728 1194 fuente y pez y mariposa.
2076 1177 2777 1296 Pues el cargo que me haces
2083 1259 2625 1375 óyeme, que te respondo
2077 1318 2774 1429 con esos mismos ejemplos
2082 1418 2518 1527 que tú me traes.
2072 1585 2769 1707 Tal vez esa misma fuente
2081 1685 2794 1819 que por un conduto parte,
2085 1759 2756 1870 revienta por otra parte
2071 1818 2837 1971 si la impiden el corriente;
2081 1914 2833 2046 que cuando, tan imprudente,
2077 2005 2753 2107 buscó el curso cristalino,
2076 2084 2720 2183 brotó en el linde vecino.
2085 2172 2751 2292 Diga tu ejemplo tu error:
2080 2251 2711 2371 tú me atajaste el amor,
2081 2348 2693 2470 ya va por otro camino.
3049 2405 3458 2498 si voz racional mentida
