3535 2573
455 90 1269 222 que a lo mismo que está oyendo.
443 174 1291 307 De su padre anciano, en fin,
454 258 1062 389 solicitando preceptos,
464 359 1224 469 me dio la mano, arrojando
436 436 1117 551 de sus dos ojos severos,
455 502 1238 671 lágrimas tiernas de amor,
464 592 1375 748 que ella ha enjugado y yo vierto.
451 687 1287 834 Llegose a la noche el plazo
463 766 1219 915 en que coge amor… Mas esto
484 852 1265 1013 no es bien que se fíe al labio
471 934 1283 1100 que te dice el silencio.
476 1047 1359 1160 Murió su padre habrá un mes.
473 1101 1307 1260 De las llaves me aprovecho
482 1200 1121 1346 de sus escritorios; hallo,
465 1281 1212 1456 don Fernando, en uno de ellos,
481 1385 1276 1560 un papel que ella escribió,
503 1484 1294 1622 antes mucho de mi empleo,
484 1579 1281 1730 no sé a quién. Solo he sabido
484 1667 1301 1822 que ella le escribió, y queriendo
496 1759 1326 1883 de una criada antigua suya,
497 1853 1337 1990 que ya despedí, ser dueño
503 1930 1246 2061 de esta verdad, dijo que
499 2006 1420 2150 la halló su padre escribiendo,
493 2103 1176 2249 antes que yo me casase
499 2193 1148 2335 —quizá la casó por eso—,
510 2229 1320 2421 este papel, que ha guardado
507 2330 1308 2497 en su escritorio, pudiendo
2046 61 2830 200 hacer que sus letras queden
2069 155 2831 293 en reliquias para el fuego.
2045 265 2757 390 Pues ahora he menester
2044 308 2815 465 vuestra ayuda. Yo no puedo
2071 409 2701 562 inquirir al ofensor
2054 480 2920 639 de mi agravio por mí mesmo.
2064 573 2754 718 Más fácil será que vos
2069 661 2748 776 examinéis como cuerdo,
2070 729 2718 884 en las plazas y corrillos
2074 816 2820 992 y juegos, donde más presto
2053 896 2762 1049 se ven las ajenas faltas
2051 984 2821 1173 que no los propios defectos,
2064 1075 2779 1247 quién el ofensor ha sido
2054 1188 2983 1309 de un honor mío, aunque ajeno,
2041 1268 2871 1431 para que en mi tiempo vengue
2058 1365 2863 1510 el que no ha sido en mi tiempo.
2056 1391 2816 1583 Ella no ha sido culpada.
2041 1522 2790 1707 Yo, que su injuria padezco,
2053 1640 2817 1773 La he de vengar; y así, vos…
2071 1726 2745 1878 Esperad, que yo os prometo
2061 1798 2773 1969 ayudar a vuestra honra,
2046 1972 2968 2146 Pero ¿quién es vuestra esposa,
2059 2033 2997 2233 por que yo pueda sin riesgo hacer…?
2068 2318 2649 2437 (Don Luis está aquí.
3060 2437 3476 2508 si voz racional mentida
