3526 2569
160 1034 355 1158 Bella
164 2111 317 2243 flor
404 43 1198 151 tanta parte de este empleo,
393 125 1223 280 que soy vuestro amigo digo,
423 206 1105 363 y que obligado os estoy.
432 316 1274 458 Las gracias de nuevo os doy
464 391 1286 553 por darme tan noble amigo.
407 466 1002 610 Algrome de saber,
428 567 1183 691 don Luis, que os habis casado.
418 660 1126 778 Conozca usted un criado
430 753 1152 878 muy cerca de su mujer.
403 799 1199 944 Tome esta cadena, y crea
410 903 1092 1044 que es alhaja para dada,
435 989 1277 1105 por ser de hechura estremada.
416 1075 1000 1202 (De peso basta que sea.)
424 1157 1102 1308 Hablaros a solas quiero.
389 1455 1069 1590 Que en ese cuarto esperis,
382 1541 760 1674 y perdonad.
408 1627 820 1717 Aqu espero.
395 1700 1088 1853 La hechura digo que alabo.
406 1792 1062 1904 Estimad la voluntad.
388 1881 1149 1999 Vuestro esclavo soy: echad
388 1974 1153 2077 cadenas a vuestro esclavo.
368 2038 952 2172 Ya estamos solos.
402 2145 715 2236 S estamos.
396 2193 1092 2362 Amigo, gracias al cielo
375 2286 1149 2462 que sin riesgo llegar puede
2020 59 2862 182 mi mal a vuestro remedio.
2034 145 2715 300 Amigo, yo me he casado.
1835 206 2739 400 Y quejarme de vos debo,
2036 324 2724 479 que no me lo habis escrito
2023 503 2885 641 Hay sucesos que no son para fiados
2043 586 2414 714 a la pluma.
2043 766 2719 914 que las palabras que fa
2043 841 2784 967 al odo el labio atento,
2000 934 2862 1072 o unas los tiempos olvidan,
2029 1039 3129 1176 o a otras desvanece el viento;
2061 1135 2881 1285 pero aquellas que se escriben
2042 1203 2969 1355 duran ms, con hablar menos.
1832 1314 2697 1441 Un secreto he de fiaros
2064 1402 2800 1517 muy del alma, y solo debo
2056 1484 2775 1632 fiar de tan grande amigo
2051 1566 2836 1692 todo mi honor; que si es cierto
2042 1645 2752 1805 que es una firme amistad
2058 1727 2719 1841 un estrecho parentesco,
2029 1819 2761 1972 lo que no a un padre, fiar
2057 1913 2752 2049 a un amigo verdadero.
2072 1961 2822 2101 Ea, decid vuestra desdicha,
2060 2059 2842 2242 que soy tan amigo vuestro
2061 2182 2791 2334 que, con ser vuestro, de vos
2070 2231 2835 2388 guardar vuestro secreto.
1825 2325 2933 2488 Vos me debis vuestra honra,
3058 2408 3475 2510 si voz racional mentida
