3517 2562
418 60 1124 174 que el ruego de los dos pueda
418 141 1161 252 impedir, como más propio,
416 199 1153 323 que cuando me faltéis vos,
411 277 1179 397 me falte una amiga y todo.
100 280 274 419 solicita
416 346 898 469 ¿Por eso das voces?
402 420 1059 551 que al consejo cariñoso
419 507 1142 624 de mi amiga doña Juana
413 580 1135 699 le deben mucho mis ojos.
418 658 1111 793 Ni es tan poco, amiga mía,
416 738 1024 867 el amor que os reconozco,
428 801 1190 954 que al primer precepto suyo
411 892 1130 1026 deba obedecer tan poco.
386 990 1130 1119 Ni los ruegos de un amigo,
416 1067 1250 1208 siempre el mismo y nunca otro,
417 1148 1034 1284 dejarán de conseguir
422 1220 1046 1364 lo que vos debéis a todos.
427 1310 1141 1446 Ni mi obligación tan poca
453 1403 953 1535 que no os obedezca.
427 1512 1441 1630 (Hoy logro, con quedarme aquí, mi intento.)
440 1582 1133 1707 (¡Cielos, salí de un ahogo!)
433 1671 1246 1796 Don Luis, yo iré a acompañaros.
181 1668 382 1771 del cuarto
437 1729 1270 1876 Quedaos vos, que yo he de ir solo.
414 1840 978 1955 Pues, don Luis, ¡adiós!
428 1980 1137 2099 (Líbreme amor de mí propio.)
432 2141 1049 2291 Voy a obedecerte, esposo.
447 2240 1180 2347 Vuélvate el cielo con bien.
437 2317 1079 2440 Para que te adore solo.
425 2389 1074 2529 (Sospecha mía, a morir.)
1827 39 1998 161 sabe.
2071 29 2712 159 (A llorar, cansados ojos.)
2061 190 2755 317 Ya del sol el rubio coche
2051 286 2675 378 a otro polo se ha pasado;
2006 339 2705 469 bestiaza de la noche.
2045 437 2759 540 Fuese mi amo, y no convino
2059 488 2719 615 darme su poder entero;
2073 566 2858 680 cierto que es gran majadero
2063 635 2701 730 mi amo por su camino.
2072 693 2774 811 Yo soy un hombre sencillo,
2073 767 2747 874 y un niño me engañará.
2072 837 2720 967 ¿Quiérenlo saber? ¿Qué va
2073 898 2795 1028 que me engaña este bolsillo?
2073 982 2770 1081 don Alonso de Moncada.
2077 1047 2894 1178 novio que aún no ha madrugado,
2076 1133 2808 1257 cien escudillos me ha dado,
2085 1193 2815 1323 como quien no dice nada,
2060 1265 2728 1397 por que yo le deje ahora
2076 1346 2728 1463 entrar solo a hablar y ver
2086 1425 2594 1549 a su futura mujer,
2078 1480 2726 1598 doña Juana, mi señora.
2079 1561 2811 1695 hacer vengo un soliloquio
2085 1647 2648 1768 que muy necesario es;
2085 1714 2636 1835 aunque Razón y Interés
2085 1770 2795 1890 primero hacen un coloquio.
2101 1841 2682 1961 Hable el Interés aquí;
2082 1915 2792 2048 que hable la Razón quisiera.
2076 1991 2765 2101 Dice ella de esta manera,
2101 2060 2631 2175 dice el Interés así:
2091 2106 2761 2267 Hoy perderás tu opinión,
2081 2198 2816 2329 por los ciento que te han dado.
2090 2285 2815 2420 ¿Y qué ha de hacer un criado
2095 2361 2747 2490 que no cobra su ración?
3058 2419 3461 2503 si voz racional mentida
