3528 2566
142 1761 335 1899 lloro.
391 57 830 208 Ansí lo confieso.
385 185 1082 288 Y a no ser por mí, estuvierais
392 424 1207 557 Luego podré fiar la mía de vos.
379 505 919 626 Lo acertáis en eso;
396 595 1109 734 que si por vos tengo honra
401 669 1053 805 importa mi consejo,
407 764 1151 894 cuando el honor me fieis,
413 849 1246 954 muy bien podréis atreveros
411 913 1095 1037 a tener honra por mí,
410 1116 1211 1251 Pues decid de qué manera
394 1190 979 1325 me debéis el honor.
395 1289 517 1368 creo
389 1345 1143 1483 que sois tan pródigo amigo
401 1414 1109 1551 que del beneficio mesmo
397 1530 1055 1630 no os acordáis, y queréis
385 1620 975 1739 yo os le acuerde.
404 1701 705 1783 no es este
379 1854 879 1984 Las obligaciones
380 1956 1074 2092 de los dos juntar intento
394 2041 1068 2175 para animarme a fiaros
384 2119 1107 2228 la que os he de tener, viendo
373 2225 1011 2366 la que me tenéis a mí,
402 2296 1139 2449 por que vea y veáis a un tiempo
386 2353 1086 2534 que son las obligaciones
2013 41 3030 172 de mi honra y el honor vuestro
2013 144 2672 275 igual la que me debéis
1900 217 2704 366 con la que yo he de deberos.
2026 305 2710 421 Si he de repetirla, oídla.
1837 379 2661 517 Pues la sé, abreviad.
2031 537 2577 667 Un partido de pelota
2038 614 2695 750 jugábamos yo y don Pedro
2034 704 2609 816 de Ulloa, el ofensor mío,
2033 779 2644 885 tres años ha poco menos.
2037 837 2601 968 Sacaba yo, y él volvía,
2031 911 2726 1053 y entre otros lances del juego,
2033 1001 2521 1107 una pelota volvió
2020 1073 2686 1195 antes pluguiera al cielo
2038 1157 2686 1283 de su amago se burlara
2035 1236 2742 1341 mi impulso, por más ligero—,
2028 1308 2658 1423 dando fuera de la raya,
2032 1381 2664 1517 límite que había puesto
2032 1493 2744 1618 la medida por que fuesen
2031 1579 2716 1704 los impulsos más y menos.
2023 1656 2641 1799 «Falta» —dije—, y replicó:
2046 1735 2814 1891 «No es falta». Y yo dije: «En esto
2042 1851 2769 1985 juzgarase», y respondiome:
2049 1916 2845 2062 «Nunca yo me pongo en riesgo
2030 2030 2814 2170 de que otros me contradigan
2025 2077 2740 2267 lo que yo dije primero».
2054 2201 2768 2328 «Vuesa merced —respondí—
2031 2284 2816 2452 lo deje juzgar, supuesto
3069 2416 3477 2508 si voz racional mentida
