3499 2563
366 30 1071 146 ¿Para un doliente del alma
377 92 983 208 habrá un remedio eficaz
377 182 1098 305 que, ya que no sane, alivie
395 242 879 377 algo del dolor?
371 384 959 510 Dadme, pues, ese remedio.
379 492 990 631 Es que en toda esta ciudad
385 568 1157 708 no hay lengua, o la más atenta
384 644 1025 767 o la destemplada más,
374 729 1218 865 que niegue que es vuestra esposa
394 819 1099 940 ejemplo de honestidad.
382 881 1098 1020 Todos dicen que es lo menos
382 966 1178 1085 su hermosura: a cuál se oirá
377 1033 1038 1174 que es su entendimiento
390 1127 996 1243 al recato suyo igual;
388 1198 1151 1338 cuál dice de su constancia
395 1300 843 1388 en saberos adorar;
388 1329 1200 1463 de atenta la alaba el cuerdo;
385 1426 937 1576 el pobre, de liberal.
394 1502 1043 1619 Y como en jardín ameno
391 1567 1092 1698 que colmó mayo galán
395 1645 1111 1774 de la azucena y jazmín,
377 1737 1000 1839 de rosa, clavel, y azahar,
363 1805 1033 1927 la vista está indiferente,
397 1870 1000 1995 sin elegir cuál será,
368 1936 1024 2073 por ser iguales las flores,
381 2016 950 2151 la que ha de privilegiar,
383 2090 1066 2213 ansí, el que vio sus virtudes
387 2156 1139 2282 no podrá distinguir cuál
401 2242 1041 2350 hermosea más en ella:
409 2312 1119 2461 o su prudencia en obrar,
1794 195 1976 324 Clicie
2014 53 2688 177 o su templanza en sufrir,
2027 117 2678 252 o en amar su honestidad.
2029 155 2994 307 Pues un ejemplo escuchad,
2027 280 2813 401 que aunque no es muy cortesano,
2023 349 2592 460 ha de ser muy natural.
2019 405 2749 533 Está doliente un enfermo
2007 488 2670 617 con un achaque en que está
2031 567 2632 680 de la misma dilación
2021 631 2639 757 pendiente la sanidad;
2031 717 2661 844 ve que su dolor es grande,
2022 783 2548 910 que le ha de sanar
2034 870 2599 958 de la dilatada cura
2026 929 2589 1069 la larga prolijidad.
2037 1007 2630 1137 Oye decir que ha venido
2038 1067 2781 1210 médico estranjero, el cual
2038 1169 2691 1267 abrevia en una bebida
2040 1246 2670 1364 plazos a la enfermedad.
2042 1318 2609 1456 Elige esta medicina,
2029 1379 2637 1532 la que obra tan eficaz
2038 1438 2798 1608 que burló presto el doliente
2032 1525 2742 1677 del lecho el prolijo afán.
2018 1638 2712 1752 Los colores prueba al rostro,
2035 1710 2635 1841 y hasta los brazos verás
2032 1794 2742 1937 que vuelven a introducirse
2037 1861 2699 1998 de aquel vigor corporal;
2048 1913 2673 2050 mas verás a pocos días,
2044 2006 2670 2125 con mayor actividad,
2040 2069 2828 2204 desmayar todo el semblante
2037 2174 2650 2286 y los brazos flaquear.
2045 2233 2807 2388 Y es que aquella medicina
2055 2313 2749 2441 sacó el calor virtual
3045 2436 3441 2503 si voz racional mentida
