3482 2567
479 57 1335 205 Quiero ver… ¡Válgame el cielo!)
482 163 1300 303 Esta es Isabel, mi esposa.
478 249 989 404 (¿Qué es lo que miro?)
490 372 835 489 que en esto
469 466 1167 584 (¿Desposada con mi amigo
471 535 1193 670 la que del alma fue dueño?)
466 621 1458 748 (¿De mi esposo amigo fue
474 683 1098 828 quien me ha ofendido?)
471 880 796 971 disimular
490 975 790 1073 (Pero ahora
479 1020 1073 1122 disimular es primero.)
469 1097 1072 1216 Conoced, bella Isabel,
470 1186 1211 1316 un amigo, el más estrecho,
460 1267 1141 1384 de vuestro esposo don Luis,
447 1356 1133 1474 y un reconocido vuestro
458 1431 1203 1558 con la nueva obligación.
447 1504 1089 1638 Ya conozco lo que os debo.
471 1600 1104 1735 ¿Venís, don Fernando?
183 1598 419 1717 de lana
446 1853 1182 1975 Don Luis, hablarte deseo.
462 1940 1066 2062 (Esta es doña Juana.)
439 2047 1066 2192 (Aquel es don Alonso.)
427 2210 1147 2348 tener la ira en los ojos.)
2065 34 2870 166 de que no le dé una hermana
2065 99 2722 233 al que una vida me da.
2055 187 2759 281 En don Alonso aventuro
2062 241 2701 368 palabra y fidelidad,
2069 329 2871 459 y con don Gabriel me arriesgo
2060 383 2812 521 a otra nueva enemistad.
2050 470 2791 614 Dos son los que me la piden.
2080 553 2831 663 Pues para no aventurar
2056 634 2691 779 que el amigo no lo sea
2050 721 2698 848 y el enemigo sea más,
2060 785 2701 937 sin negarla y ofrecerla
2062 883 2740 1016 a don Gabriel, sin dejar
2053 961 2726 1111 que desconfíe don Alonso
2063 1002 2757 1161 de mi promesa y lealtad,
2050 1109 2783 1247 a uno le doy esperanzas,
2056 1209 2735 1321 a otro plazos sé alargar;
2035 1276 2762 1395 con que el uno y otro amante
2037 1351 2826 1483 pendientes a un tiempo están,
2037 1430 2684 1540 el uno de mi palabra
2011 1487 2694 1639 y otro de mi voluntad.
1783 1582 2775 1714 ¿Y a cuál de los pretensores
2060 1680 2688 1791 es al que tú quieres mal?
2045 1744 2841 1872 Yo a don Gabriel aborrezco.
1795 1822 2775 1928 A ese se la puedes dar.
2043 2065 2699 2205 que te quiero preguntar
2044 2132 2850 2251 por qué un hombre de tu sangre,
2031 2200 2741 2325 de tu lustre y tu caudal,
2055 2247 2882 2395 un hombre de pelo en pecho
2063 2360 2676 2489 —como tú dicho me has,
3035 2437 3422 2509 si voz racional mentida
