3537 2562
443 60 859 183 Esa diligencia
449 149 942 271 ya la hizo mi deseo,
460 225 1089 337 y para darme respuesta
463 286 1245 386 plazos pide a su atención.
133 281 330 433 Clicie
468 352 1307 453 Pues, don Gabriel, si él intenta
479 433 1213 546 casarme, la noche misma
474 490 1313 633 que su elección me haga fuerza
486 564 1273 677 a que admita a don Alonso,
475 647 882 784 he de ser tuya.
492 726 1165 856 Quisiera que me dijeras
498 799 896 905 tu industria.
488 861 1057 992 La que intento hacer…
485 956 699 1058 espera
481 999 1188 1155 que una llave en el cerrojo
500 1101 729 1191 he sentido
478 1149 1175 1291 Haz que se vuelva al cuarto
496 1238 1114 1361 adonde ahora estaba.
221 1289 1350 1456 Beltrán vuelve. Y así es fuerza
493 1361 1187 1518 que, en tanto que se recoge,
361 1429 1275 1579 entres conmigo a esta pieza.
473 1507 1324 1660 Pues vuélvete adonde estabas,
485 1605 1279 1736 en tanto que Beltrán entra.
488 1711 827 1800 Ya me retiro.
458 1762 773 1903 que hable
362 1858 424 1919 di de
487 1849 1065 1970 Luego verás mi fineza.
479 1912 1159 2069 Siempre dije que Beltrán
489 1961 1415 2124 tenía muy malas vueltas.
491 2093 1198 2200 Abrió la llave este cuarto;
309 2158 1088 2310 ya entré. ¡Por cuánto no fuera
506 2210 1288 2344 un hierro que yo he labrado,
498 2298 1296 2425 el que abre una puerta ajena!
495 2360 1385 2510 Fuese don Luis. Por no hacerle
2116 29 2767 152 una traición, bueno fuera
2104 123 2934 243 ser traidor con toda un alma
2123 216 2934 326 con quien primero hice treguas.
2128 275 2797 409 En que se sepa un delito
2118 365 2950 473 de mi amor, ¿qué más se arriesga
2119 431 2916 560 que una vida? Pues también
2108 505 2919 632 la arriesgo en que no se sepa.
2107 573 2836 709 La amistad hasta las aras;
2104 660 2701 789 pero ya se privilegia
2106 736 2668 850 al Amor, imaginaria
2096 798 2892 927 deidad de los hombres ciega.
2097 896 2804 1021 Este es de Isabel el cuarto,
2061 973 2761 1101 el que a mano siniestra
2098 1079 2577 1170 retrete se deja ver,
2084 1121 2784 1253 en el que Isabel dispensa
2077 1200 2676 1311 al sueño la variedad
2068 1276 2769 1380 de tanta especie diversa
2087 1346 2736 1453 como todo un día ensaya
2085 1427 2747 1529 y una noche representa.
2070 1496 2745 1629 Sobre este bufete hay luz,
2071 1591 2746 1704 y no es poco que la vea
2071 1649 2788 1783 quien va ciego; mas la luz
2070 1733 2914 1835 material al soplo muestra
2061 1799 2812 1930 que está corrido este fuego
2063 1883 2815 1989 que me abrasa y lisonjea.
2065 1965 2803 2073 ¡Que a la luz de tanta llama
2063 2031 2730 2132 arda tan fácil pavesa!
2047 2104 2814 2236 Pero al soplo, si él es fuego,
2062 2200 2816 2311 no es posible que fallezca,
2050 2265 2798 2395 pues acabar de matarla
2042 2348 2757 2475 es empezar a encenderla.
3079 2414 3486 2500 si voz racional mentida
