3674 2623
95 2296 427 2378 sale con
531 52 1509 139 Quimeras sin fundamento
521 103 1495 215 son; mas, si en prisión cruel
553 155 1488 278 muere, ¿qué he de hacer? Ser fiel,
534 238 1430 325 y a pesar de armas y miedo,
534 296 1423 400 libertarle; y si no puedo,
561 358 1461 450 morir en prisión con él.
556 412 1569 519 manda el rey de Aragón
551 477 1433 584 Cuando el amigo es de ley
548 539 1289 638 atropella vida y rey.
567 599 1548 706 ¿Que importa, si entrambos son
557 659 1647 780 amigos? La obligación
542 731 1525 839 que tengo al rey, y su amor
560 803 1497 902 no ha de manchar mi valor,
559 872 1503 976 para que su intento siga,
565 928 1608 1049 que no es amigo el que obliga
569 1005 1511 1106 a su amigo a ser traidor.
553 1068 1522 1186 que bien dijo aquél que dijo,
565 1130 1357 1236 "El amigo hasta las aras."
601 1385 1714 1512 que a Armesinda me han de dar?
610 1470 1551 1589 Gran premio, no hay que dudar;
578 1533 1411 1631 porque si se ha de romper
580 1603 1444 1710 la amistad, sólo ha de ser
593 1676 1451 1801 por amor o por reinar.
580 1747 1585 1863 Interés y amor me llama
596 1818 1627 1937 pero, en fin, soy don Manrique;
590 1888 1504 1986 padezca yo, y no publique
593 1946 1597 2069 de mí tal caso la fama.
581 2021 1641 2150 Amo a quien amigo ama,
572 2082 1349 2180 sin poder mi libertad
563 2150 1384 2261 olvidar tanta beldad;
565 2216 1636 2333 pero atorménteme y muera
574 2289 1647 2398 mi amor, como quede entera
571 2345 1391 2436 la ley de nuestra amistad.
600 2406 1345 2498 ¡Válgame Dios! Y qué a pique
589 2466 1276 2566 de morir está un lacayo,
2280 71 2808 208 si anda cual yo!
2285 223 3181 362 ¡Pardiez! señor don Manrique
2328 305 3063 398 que no lleguemos a nietos
2270 363 3052 471 con esta vida en Narbona.
2273 430 2915 550 Ayer se vio la persona
2264 503 2958 603 en temerarios aprietos.
2277 564 2949 677 No soy bueno para espía.
2270 624 2960 730 Mándame tú que haga plaza
2283 686 3029 807 del mandil y la almohaza,
2286 751 2928 872 o que juegue todo un día
2234 809 3031 934 y la noche, aunque a mi padre
2263 881 2940 983 pierda, y no me mandes ser
2194 947 2836 1044 podenco de una mujer;
2196 1012 2917 1099 que no pare y es mi madre.
2223 1071 2914 1142 ¡Bravas cosas hay de nuevo!
2250 1113 2958 1210 ¿Cómo? ¿Hablaste a don Gastón?
2242 1180 2809 1274 ¡Sí! ¡Bonica es la prisión,
2224 1230 2799 1322 y bonico es el mancebo!
2203 1280 2842 1394 tenemos en el arca
2232 1344 2821 1432 otra vida. No hay entrar
2212 1387 2841 1482 una mosca en el lugar;
2230 1458 2800 1562 y por toda su comarca
2236 1511 2902 1618 se publica que eres muerto.
2228 1581 2692 1686 ¿Que soy muerto?
2218 1643 2598 1719 Sí; y también
2220 1645 3014 1787 que en volviendo don Guillén
2161 1733 2999 1865 de Fox, que dicen que es cierto
2199 1823 2756 1931 el haberse apoderado
2188 1907 2851 2005 de su injusta posesión,
2183 1973 2785 2066 le darán a don Gastón
2171 2029 2786 2123 despachos en un bocado.
2169 2085 2632 2201 ¿Que soy muerto yo?
2165 2190 2361 2277 Tú, pues.
2152 2221 2803 2336 Y aunque entonces lo creí,
2131 2302 2673 2402 y mandé decir por tí
2117 2375 2761 2472 un real de misas, después
2092 2501 2670 2588 desengañado y corrido.
