3691 2630
188 1360 436 1456 canta
132 2430 310 2566 sello
985 56 1388 139 la hallarás,
628 182 1486 308 que eres hombre para todo.
587 247 1568 378 Esto importa, y me está bien
609 326 1548 439 que si me tiene por muerto,
605 401 1359 482 es mujer, y será cierto
595 455 1426 559 el serlo de don Guillén.
577 505 1313 618 Mas, que me tienen de dar
597 561 1317 688 un zaparrazo por ti,
596 645 816 733 extraño.
578 713 1026 806 Haz esto por mí.
580 738 1219 881 Y vamos, que voy a
529 811 1474 941 al rey, por dar a un amigo
549 1082 922 1230 Pues yo se
569 1128 1326 1262 a Narbona a morir hoy.
584 1207 1475 1342 ¡San Nuflo vaya conmigo!
581 1455 1402 1571 No me agradezcas a mí,
622 1517 1421 1644 don Gastón, este favor;
635 1597 1336 1716 agradécelo al amor,
651 1664 1481 1787 que, aunque quejosa de ti,
674 1735 1622 1856 la industria para librarte
688 1809 1449 1922 que ves ahora me ha dado.
694 1891 1485 1999 Mi padre, contigo airado,
704 1945 1628 2069 manda al alcaide matarte
707 2000 1609 2142 esta noche, y a mi instancia,
731 2065 1620 2190 la muerte a otro preso
707 2162 1226 2278 por ti, te libró.
699 2246 1036 2365 confieso
720 2282 1584 2452 que eres la lealtad de Francia.
710 2368 1531 2497 Confieso, doña Violante,
871 2444 1308 2510 poder mi voluntad
937 2510 1361 2580 de la verdad
2386 83 3322 209 quedara con ser tu amante,
2426 252 3297 376 que un hombre puede tener;
2458 308 3154 425 pero, ¿cómo puede ser
2457 381 3297 502 Armesinda tengo amor?
2422 449 3183 581 Echóse sobre la hacienda
2446 552 3232 649 por ser acreedor primero;
2457 624 3362 723 y así, aunque pagarte quiero
2466 679 3331 806 si no es que palabras venda,
2455 764 3190 881 que son solas las alhajas
2449 837 3214 955 que me han quedado, no sé
2458 902 3129 1014 como pagarte podré,
2463 952 3394 1103 que en palabras pago en pajas.
2493 1050 3351 1154 Don Gastón, no quiero más
2487 1093 3358 1214 de que a tu estado te vuelvas
2496 1158 3355 1275 y que en el alma resuelvas
2480 1229 3311 1359 la obligación en que estás
2469 1290 3475 1414 a mi amor, ya que mi hermana,
2483 1370 3282 1477 tan lejos de amarte vive,
2486 1433 3294 1566 que sólo admite y recibe
2480 1498 3325 1636 una pretensión villana
2477 1563 3351 1687 de un falso amigo que tienes,
2486 1627 3451 1744 con quien mi padre la casa.
2483 1706 3225 1834 ¡Ay, cielos! Si aquesto pasa,
2487 1791 3356 1892 ¿por qué a darme vida vienes?
2487 1852 3131 1967 Morirme fuera mejor.
2493 1945 3165 2061 Celos ¿qué vais a decir?
2491 2008 3283 2128 Mas, si vive de mentir
2504 2070 3453 2212 y engañar siempre el Amor,
2486 2148 3373 2257 con una mentira quiero
2502 2217 3477 2348 probar si a Armesinda olvida
2521 2372 3297 2489 alegre suceso espero.
2475 2430 3322 2567 es don Manrique de Lara,
