3643 2594
406 41 1268 225 Vamos, tornaré sudores.
449 175 1316 292 ¿A qué no obligáis, señores,
429 260 1235 425 a un leal y fiel lacayo?
464 778 933 873 ¿Eso te espanta?
480 831 1384 962 Mi sacristán eres. Canta
472 899 1269 1067 cuando esté en el ataúd.
439 1254 1629 1407 Conde don Gastón muerto, y su amigo
500 1356 1381 1489 con vida, y sin que tome la venganza
503 1421 1511 1578 del homicida un ejemplar castigo!
484 1510 1627 1664 ¡Oh, Duque fiero! espera, que si alcanza
229 1559 357 1719 siento
490 1588 1467 1745 a tu Narbona el fuego de mi furia,
489 1712 1522 1830 no lograrás tu inútil esperanza.
490 1796 1523 1963 ¿Qué alarbe, qué villano de Liguria,
448 1868 1573 2003 por la codicia de un condado, hiciera
460 1945 1583 2084 a su mismo valor tan grande injuria?
481 2028 1473 2154 A Fox he defendido, y defendiera
460 2097 1547 2229 de tu avara ambición el mundo todo,
482 2172 1544 2324 por más que el de Tolosa se opusiera.
473 2264 1501 2398 verás, si escalas acomodo
430 2331 1577 2453 a tus cobardes muros, que en España
453 2398 1480 2518 soy heredero del esfuerzo godo.
774 2449 1667 2563 y Lara soy. Si en sangre baña
1835 1137 2103 1276 llena de
2252 55 3536 214 mi enojo tu ciudad, y no perdona
2275 119 3568 304 niños y viejos mi sangrienta hazaña,
2303 212 3552 396 no te espantes. Marchemos a Narbona,
2304 302 3442 491 que la sangre del conde a voces pide
2296 384 3452 588 venganza de la muerte que pregona.
2288 497 3562 703 El Duque muera; aunque mi amor olvide
2290 602 3405 778 a Armesinda, que no hay amor que ablande
2361 723 3456 888 pecho donde un fiel amigo reside.
2278 828 3494 976 Castigo grande pide injuria grande;
2266 913 3367 1060 mas¡ay, cielos crueles!¿qué castigo
2263 1127 3401 1303 Famoso don Manrique, marcha luego.
2243 1247 3458 1374 Mete a saco a Narbona; muestra
2249 1327 3611 1460 a sangre y fuego; que pues el de Tolosa y su arrogancia
2223 1412 3379 1555 huyó furioso, y Fox por tuyo queda,
2271 1472 3572 1643 ser tus soldados, es nuestra ganancia.
2241 1578 3490 1725 que tu gusto y su muerte procuramos.
