3679 2606
579 501 1297 650 Huyendo voy a España,
571 601 1333 723 pues de mi propia tierra
585 661 1635 783 falso amigo a de esterrarme vino.
578 760 1315 857 Sólo Amor me acompaña,
603 810 1376 937 que por hacerme guerra,
595 883 1604 993 ni le vence el ausencia ni el camino.
615 966 1349 1072 Cual pobre peregrino,
610 1025 1421 1145 buscar un hombre
617 1099 1321 1214 que convenga conmigo,
581 1148 1261 1288 y siendo firme amigo,
598 1237 1682 1336 las obras correspondan con el nombre;
610 1312 1238 1388 mas sera cosa nueva
630 1413 1151 1512 y los cielos,
547 1482 1720 1642 Yo me adelanto a prevenir la cena
532 1557 1727 1689 y la posada, mientras don Manrique,
539 1621 1621 1760 entre las sombras de estas alamedas,
548 1706 1489 1834 pasa la siesta que hace calurosa;
553 1716 1751 1897 que entramos ya en España, y las posadas
548 1798 1765 1960 son tan malas en ellas, que no haciendo
561 1884 1510 2032 aquesta diligencia, no hallaremos
574 1908 1757 2111 qué cenar, y me envida el hambre el resto.
571 2024 1509 2180 A Zaragoza llegaremos presto.
527 2125 1717 2308 En aplacando el sol su furia un poco,
554 2243 1609 2382 avisen a mi amo, si durmiere,
539 2303 1457 2448 y díganle que voy a apercebirle
542 2400 1210 2511 sábanas limpias.
573 2446 1367 2567 ¡Plegue a Dios las halles!
155 2489 329 2562 día y
2027 863 2087 956 di.
2283 26 3449 172 Sí no están limpias, estarán al menos
2287 87 3404 239 rociadas y dobladas, que es costumbre
2294 160 3368 319 de España durar limpias unas sábanas,
2326 223 3395 365 sirviendo cada noche de esta suerte,
2318 314 3102 446 seis meses sin lavarse.
2308 395 2676 492 de estar
2298 451 3023 578 de Italia y Francia!
2329 532 3121 669 ¡Ay, carne y pan de España,
2318 532 3406 728 y vino de mi santo, cama blanda,
2336 631 3510 763 adonde duermo como en seis colchones!
2334 697 3491 848 ¿Qué cama puede haber en un camino
2330 757 3256 879 como una bota de oloroso vino?
2325 786 3384 947 Si te has de adelantar, ¿qué aguardas?
2333 1237 3443 1388 pico el frisón y parto como un rayo.
2347 1318 3521 1450 ¿Mas qué te hallamos como ayer; Tamayo?
2357 1399 3346 1514 Tamayo oí decir, y don Manrique.
2349 1454 3525 1596 ¡Válgame Dios! Si dicen que en Narbona
2359 1540 3385 1669 con Armesinda había de casarse,
2372 1603 3381 1743 ¿qué puede ser la causa de que ahora
2353 1650 3414 1819 a Francia deje, y, a Aragón camine?
2367 1743 3424 1848 Saberlo quiero. ¡Ay, rigurosos cielos,
2382 1810 3439 1924 si se acabasen mi temor y celos!
2390 1896 2680 1987 Sed tengo,
2385 1921 3133 2067 y el calor hace excesivo.
2415 2005 3527 2123 Si tienes sed, aquí corre un arroyo,
2414 2071 3553 2195 riéndose de ver que no la mates.
2866 2132 3610 2232 en mi tripa sabandijas?
2424 2384 3614 2526 la hermana calabaza sufre ancas,
3532 20 3608 101 Di
