3667 2616
181 390 212 484 yo.
513 152 1718 290 y probando si es bueno su zumaque,
535 229 1755 389 va a San Jaque, le daremos jaque?
483 342 1527 499 Holgárame de estar tan prevenido,
494 451 1496 580 que trujera con qué refrigeraros;
487 525 1538 660 pero voy tan ajeno de mi gusto,
514 580 1748 710 que no me acuerdo de estas prevenciones.
488 668 1583 789 el cielo, amén, a peregrino
500 738 1801 877 que puede andar sin el bordón del vino.
485 897 1139 1010 ¿Vais o venís de España?
492 980 1078 1080 A Monserrate
511 1022 1686 1152 voy y a San Jaque, y pienso que os he oído
500 1101 1697 1221 decir que va a Aragón desde Navarra
493 1317 1071 1428 Tengo noticia de él
510 1439 1652 1566 vamos con él, adonde el rey intenta
506 1522 1685 1656 ser su padrino, y celebrar las bodas
500 1592 1792 1723 de la hermosa Armesinda; que a esta causa
479 1679 1712 1800 habrá dos días que su padre, el duque,
482 1739 1664 1874 partió con ella para Zaragoza,
506 1813 1811 1930 y con doña Violante, hermana suya,
477 1885 1711 2020 porque el rey de Castilla, Alfonso Octavo,
496 1956 1805 2087 con el Rey de Aragón y el de Navarra
466 2028 1788 2175 quiere verse en Monzón, y todos juntos
449 2111 1704 2232 hacer guerra a los moros andaluces.
439 2182 1781 2301 Han convidado al duque de Narbona
496 2257 1756 2373 a esta guerra; y así para más honra
489 2322 1797 2438 quiere casar su hija en su presencia,
477 2390 1721 2494 echando el sello a sus venturas todas,
482 2436 1808 2556 pues se han de hallar tres reyes a sus bodas.
1984 91 2102 210 Di
1936 2088 2070 2224 des.
1931 2186 2090 2288 de ti.
1934 2455 2091 2546 deis.
2357 72 3311 208 cielo riguroso! ¿Y por qué causa
2369 162 3392 275 don Manrique no va en su compañía?
2354 244 3576 389 Porque pensó partir a Fox primero
2356 312 3588 467 que a Aragón; mas después le ha parecido
2341 385 3580 536 que queda bien seguro; que quien ama,
2348 462 3515 599 siglos eternos los instantes llama.
2344 546 2969 655 ¿Podríale yo hablar?
2363 617 2892 702 En despertando,
2333 638 3511 766 podéis mientras enfrenan los caballos
2357 703 3068 792 que ahora están paciendo.
2342 797 3447 908 más donde pica Amor, el sol no pica.
2310 863 3139 971 ¡Buena ocasión se ofrece
2318 991 3431 1118 de que sé castigar mi falso amigo.
2334 1060 3230 1170 es hora ya de caminar, hermanos?
2316 1133 3059 1260 Enfrenad y partamos.
2307 1234 2710 1313 Es temprano,
2287 1280 3023 1401 y el calor es terrible.
2316 1350 2653 1463 a los de
2289 1390 3608 1531 mas, ¿quién tendrá las riendas al deseo?
2318 1494 3407 1601 ¡Ah, cielos! ¡Quién supiera de mi amigo!
2297 1547 3587 1671 Que el no saber a donde está, deshace en parte
2300 1616 3504 1732 el gusto de mi alegre boda.
2320 1687 3558 1792 ¡Depáramele, Amor! Será cumplida
2323 1749 3454 1863 mi dicha, que sin él está partida.
2323 1819 3115 1929 ¿No vais por los caballos?
2312 1891 3483 2019 Aqueste peregrino quiere hablarte.
2317 1976 3616 2116 Querrá alguna limosna. Enfrena, parte.
2343 2117 2878 2215 No tengo tierra.
2327 2174 2660 2281 como no
2323 2255 2783 2341 La que tenia
2336 2316 3074 2455 días ha ya que no es mía.
2347 2446 3000 2563 Porque me destierra
