2479 3508
417 180 2065 385 de don Fadrique Enríquez Almirante
383 324 2040 478 de Castilla que estoy tan arrogante
380 392 2128 580 de su sangre y valor, que no he pensado
422 500 1892 670 y ue de doña Blanca más honrado.
422 609 2050 753 de rey su padre; mas yo haré de modo
553 702 1765 878 este seguro con dejarlo todo.
176 780 390 965 calo
410 802 1943 956 Señora jamás tuve pensamiento.
412 897 1838 1063 en de servici vuestro solo siento
431 985 2282 1168 quevos lo imaginéis? Vuestro semblante
400 1090 2267 1272 os manifiesta el alma. No os espante
375 1182 2204 1372 que no esté muy alegre. Que os da pena
397 1294 2196 1475 son mis hijos acaso, es sangre ajena
407 1404 2238 1572 No con vuestros hermanos. No es Fernando,
400 1514 2177 1694 digno de serlo. Estoy imaginando
366 1616 1731 1770 qp defender vuestro partido
436 1706 2267 1867 las de monte debende haber sido
312 1833 2267 2008 quien de mi amor en tal sospecha os pone.
193 1923 332 2077 leo
483 1935 2228 2082 rlos Carlos, no más, quien descompone
375 2035 2130 2194 la paz del reino es in mortal deseo.
395 2130 2162 2289 de veros rey, que yo ni oigo ni ere
363 2225 1862 2398 hombres aduladores y fingidos
444 2333 2028 2503 que tengo muy prudentes los oídos.
380 2425 1982 2608 Retirad la ambición, que quien desea
368 2511 1867 2686 corta vida a sus padres nunca crea.
517 2603 2267 2828 se alarge la suya e discreto
375 2615 514 2786 deso
378 2725 1779 2891 qconforme tuviéredes respetos
180 2684 295 2866 do.
380 2810 2038 2969 alesros padrés y obediente fueredes,
139 2859 346 2993 dede de
380 2910 2177 3081 os le tendrán los hijos que tuvieredes.
185 2984 349 3176 dcaso
417 3001 2065 3220 Soy yo quien esto escacra. No es posible
2123 183 2323 366 de
