2479 3508
147 205 524 365 do ses cesa
2229 273 2345 406 Di
377 249 1988 464 como se quejan de que soy terrible
382 384 2318 587 los que infamar pudieran mi paciencia.
411 485 2026 664 en quien cupiera tanta resistencia?
386 589 2031 778 Navarros, yo soy príncipe, Yo he sido
408 705 1956 855 Príncipe de viana, yo he nacido
427 797 2190 961 de Blanca hija de Carlos, Carlos bravo,
413 908 2140 1058 Carlos, rey de Navarra, o soy esclavo.
401 993 2260 1174 de una Madrasta Enríquez castellana,
401 1099 2190 1261 Mas ¿qué mucho que ya secudo tirana
369 1183 1946 1352 del alma de mi padre también sea.
372 1280 2099 1461 del reino que gobierna y señorea,
355 1377 2137 1587 No ha de pasar así, viven los cielos,
447 1492 2140 1686 qquiere darme con Fernando celos,
362 1582 2212 1777 Fernando por quien ya si hay lengua en ellas
386 1681 2188 1896 consulta mi madrasta las estrellas.
379 1794 2222 1971 de este que ya Josefe con sueños varos
353 1903 2178 2125 se quiere hacer, señor, de sus hermanos
471 2004 2224 2178 se promete ya reinar de EEspaña
362 2101 2222 2297 y en lo mejor que el mar de Italia baña
350 2212 1662 2376 pues no ha de ser así que al
1703 2268 2041 2367 preco
355 2318 1959 2480 aunque parezca al mundo desvarío
333 2408 2207 2611 he de hacer guerra y de la altiva frente.
348 2504 1908 2688 quitarle la corona justamente
152 2487 263 2690 di.
244 2582 1577 2751 entre don Juan de Beamonte,
198 2702 299 2884 de
394 2727 1432 2927 Qé es esto incicto sevnro,
374 2838 1649 3050 que l habéis decho que llora
338 2946 1563 3111 la más heroica, señora,
497 3036 1514 3229 tuvo español valor.
