<?xml version="1.0" encoding="UTF-8" standalone="yes"?>
<PcGts xmlns="http://schema.primaresearch.org/PAGE/gts/pagecontent/2013-07-15" xmlns:xsi="http://www.w3.org/2001/XMLSchema-instance" xsi:schemaLocation="http://schema.primaresearch.org/PAGE/gts/pagecontent/2013-07-15 http://schema.primaresearch.org/PAGE/gts/pagecontent/2013-07-15/pagecontent.xsd">
    <Metadata>
        <Creator>prov=READ-COOP:name=PyLaia@TranskribusPlatform:version=1.6.0:model_id=49462:lm=none:date=17_03_2023_16:58</Creator>
        <Created>2023-03-16T11:44:03.751+01:00</Created>
        <LastChange>2023-03-22T10:37:51.214+01:00</LastChange>
        <TranskribusMetadata docId="1532395" pageId="58707227" pageNr="31" tsid="132833781" status="IN_PROGRESS" userId="60373" imgUrl="https://files.transkribus.eu/Get?id=QYZHYAGPGLCRDJKTIJNMDRIN&amp;fileType=view" xmlUrl="https://files.transkribus.eu/Get?id=IODJKVKGPAOKBAEUPPTTUZUQ" imageId="43311463"/>
    </Metadata>
    <Page imageFilename="p031.jpg" imageWidth="2479" imageHeight="3508">
        <ReadingOrder>
            <OrderedGroup id="ro_1693679403297" caption="Regions reading order">
                <RegionRefIndexed index="0" regionRef="tr_1"/>
                <RegionRefIndexed index="1" regionRef="tr_3"/>
                <RegionRefIndexed index="2" regionRef="tr_2"/>
            </OrderedGroup>
        </ReadingOrder>
        <TextRegion id="tr_1" custom="readingOrder {index:0;}">
            <Coords points="176,212 2274,212 2274,1374 176,1374"/>
            <TextLine id="tr_1_tl_1" custom="readingOrder {index:0;}">
                <Coords points="159,349 295,349 327,366 425,361 476,325 500,342 588,337 593,183 532,210 488,186 452,210 344,198 291,220 168,198"/>
                <Baseline points="176,289 194,289 238,283 283,277 328,274 373,274 417,268 462,271 507,271 552,265 597,262"/>
                <TextEquiv>
                    <Unicode>losescuso</Unicode>
                </TextEquiv>
            </TextLine>
            <TextLine id="tr_1_tl_2" custom="readingOrder {index:1;}">
                <Coords points="413,420 571,435 706,386 994,369 1374,383 1440,371 1445,247 1252,212 854,322 684,220 417,303"/>
                <Baseline points="429,391 465,394 510,388 555,385 600,385 644,385 689,382 734,379 779,373 824,370 868,370 913,367 958,367 1003,364 1047,367 1092,367 1137,370 1182,367 1227,364 1271,364 1316,361 1361,358 1406,358 1450,358"/>
                <TextEquiv>
                    <Unicode>de sus méritos, señor,</Unicode>
                </TextEquiv>
            </TextLine>
            <TextLine id="tr_1_tl_3" custom="readingOrder {index:2;}">
                <Coords points="371,537 488,483 549,544 928,478 1355,491 1357,376 1311,369 986,452 896,376 513,444 374,425"/>
                <Baseline points="388,489 420,486 465,483 510,483 555,483 600,483 644,483 689,483 734,486 779,483 824,480 868,480 913,480 958,477 1003,474 1047,474 1092,474 1137,474 1182,471 1227,471 1271,468 1316,465 1361,462"/>
                <TextEquiv>
                    <Unicode>puesto que a vuestro valor</Unicode>
                </TextEquiv>
            </TextLine>
            <TextLine id="tr_1_tl_4" custom="readingOrder {index:3;}">
                <Coords points="369,642 493,588 659,630 840,591 906,637 972,576 1157,564 1499,608 1501,474 371,540"/>
                <Baseline points="382,600 385,600 429,588 474,582 519,582 564,582 609,579 653,579 698,579 743,579 788,573 832,573 877,573 922,573 967,573 1012,570 1056,567 1101,567 1146,564 1191,561 1236,561 1280,561 1325,561 1370,558 1415,555 1459,555 1504,555"/>
                <TextEquiv>
                    <Unicode>Pienso que responde ingrato</Unicode>
                </TextEquiv>
            </TextLine>
            <TextLine id="tr_1_tl_5" custom="readingOrder {index:4;}">
                <Coords points="308,710 1072,676 1252,723 1567,669 1724,681 1831,754 2016,686 2270,723 2270,603 2178,554 1911,605 1748,554 1484,610 974,576 906,637 820,603 308,615"/>
                <Baseline points="322,686 367,692 412,683 456,677 501,674 546,674 591,674 635,674 680,671 725,671 770,668 815,668 859,665 904,668 949,665 994,665 1038,668 1083,668 1128,665 1173,668 1218,668 1262,665 1307,665 1352,665 1397,665 1442,668 1486,671 1531,668 1576,668 1621,671 1665,674 1710,677 1755,680 1800,683 1845,686 1889,683 1934,680 1979,677 2024,677 2068,674 2113,677 2158,677 2203,680 2248,680 2274,686"/>
                <TextEquiv>
                    <Unicode>y mirad que suele haber</Unicode>
                </TextEquiv>
            </TextLine>
            <TextLine id="tr_1_tl_6" custom="readingOrder {index:5;}">
                <Coords points="198,767 1643,835 1643,676 1372,671 1257,723 1069,676 964,713 857,681 801,723 669,671 395,725 198,686"/>
                <Baseline points="211,761 256,758 301,761 346,767 391,770 435,770 480,773 525,773 570,770 615,770 659,770 704,770 749,767 794,770 838,767 883,770 928,770 973,767 1018,770 1062,770 1107,773 1152,773 1197,767 1241,764 1286,767 1331,770 1376,770 1421,773 1465,773 1510,776 1555,779 1600,782 1645,782 1648,782"/>
                <TextEquiv>
                    <Unicode>en la forzuna mudanzas</Unicode>
                </TextEquiv>
            </TextLine>
            <TextLine id="tr_1_tl_7" custom="readingOrder {index:6;}">
                <Coords points="178,945 347,874 625,864 735,913 867,869 972,930 1108,874 1335,879 1665,959 1665,842 1267,793 1077,825 889,786 176,791"/>
                <Baseline points="191,874 235,871 280,871 325,868 370,868 414,865 459,865 504,862 549,862 594,862 638,862 683,862 728,865 773,865 818,862 862,862 907,862 952,865 997,865 1041,865 1086,865 1131,865 1176,868 1221,871 1265,877 1310,877 1355,877 1400,877 1444,877 1489,877 1534,883 1579,886 1624,895 1668,886"/>
                <TextEquiv>
                    <Unicode>Aún no quiero yo esperanzas</Unicode>
                </TextEquiv>
            </TextLine>
            <TextLine id="tr_1_tl_8" custom="readingOrder {index:7;}">
                <Coords points="439,976 598,1013 666,974 937,986 1025,1030 1199,994 1443,1025 1440,903 1335,879 1269,911 1108,874 974,937 862,869 686,940 439,933"/>
                <Baseline points="453,976 498,973 543,973 588,976 632,973 677,973 722,973 767,973 812,970 856,964 901,964 946,964 991,967 1035,970 1080,973 1125,973 1170,976 1215,979 1259,979 1304,979 1349,979 1394,982 1439,985 1447,982"/>
                <TextEquiv>
                    <Unicode>le puedan ofender</Unicode>
                </TextEquiv>
            </TextLine>
            <TextLine id="tr_1_tl_9" custom="readingOrder {index:8;}">
                <Coords points="164,1135 552,1086 627,1133 681,1089 742,1123 945,1081 1267,1101 1269,1016 166,981"/>
                <Baseline points="176,1098 200,1095 244,1092 289,1092 334,1092 379,1089 423,1086 468,1083 513,1083 558,1086 603,1086 647,1086 692,1086 737,1083 782,1086 826,1083 871,1086 916,1083 961,1080 1006,1080 1050,1077 1095,1077 1140,1077 1185,1077 1230,1077 1274,1077"/>
                <TextEquiv>
                    <Unicode>Una cosa haced por mí</Unicode>
                </TextEquiv>
            </TextLine>
            <TextLine id="tr_1_tl_10" custom="readingOrder {index:9;}">
                <Coords points="168,1238 291,1252 403,1179 579,1226 952,1189 1006,1235 1291,1184 1291,1130 1121,1084 950,1079 874,1130 359,1094 283,1140 168,1130"/>
                <Baseline points="182,1179 223,1179 268,1182 313,1182 358,1179 403,1176 447,1176 492,1176 537,1179 582,1179 626,1176 671,1176 716,1176 761,1179 806,1179 850,1179 895,1176 940,1176 985,1176 1030,1176 1074,1176 1119,1176 1164,1176 1209,1179 1253,1176 1298,1176"/>
                <TextEquiv>
                    <Unicode>No la puede saber, señor,</Unicode>
                </TextEquiv>
            </TextLine>
            <TextLine id="tr_1_tl_11" custom="readingOrder {index:10;}">
                <Coords points="354,1289 630,1262 1567,1313 1621,1304 1619,1133 1348,1143 1006,1238 352,1199"/>
                <Baseline points="367,1256 412,1253 456,1256 501,1256 546,1262 591,1262 635,1262 680,1262 725,1259 770,1262 815,1262 859,1265 904,1268 949,1268 994,1268 1038,1268 1083,1268 1128,1271 1173,1268 1218,1268 1262,1271 1307,1268 1352,1268 1397,1265 1442,1265 1486,1265 1531,1268 1576,1271 1621,1274 1627,1274"/>
                <TextEquiv>
                    <Unicode>que os mije quien os adora</Unicode>
                </TextEquiv>
            </TextLine>
            <TextLine id="tr_1_tl_12" custom="readingOrder {index:11;}">
                <Coords points="354,1370 513,1345 620,1382 662,1350 786,1392 937,1372 1035,1440 1118,1396 1267,1389 1265,1299 457,1262 352,1313"/>
                <Baseline points="364,1340 409,1340 453,1340 498,1340 543,1340 588,1343 632,1343 677,1343 722,1349 767,1346 812,1352 856,1352 901,1355 946,1358 991,1361 1035,1361 1080,1361 1125,1364 1170,1361 1215,1364 1259,1364 1274,1364"/>
                <TextEquiv>
                    <Unicode>Digo mil veces que sí</Unicode>
                </TextEquiv>
            </TextLine>
            <TextEquiv>
                <Unicode></Unicode>
            </TextEquiv>
        </TextRegion>
        <TextRegion id="tr_3" custom="readingOrder {index:1;}">
            <Coords points="161,1397 1686,1397 1686,2261 161,2261"/>
            <TextLine id="tr_3_tl_1" custom="readingOrder {index:0;}">
                <Coords points="149,1521 654,1453 964,1504 1077,1467 1164,1531 1230,1492 1230,1392 1020,1440 937,1372 146,1365"/>
                <Baseline points="161,1474 206,1465 250,1459 295,1450 340,1450 385,1450 429,1450 474,1447 519,1450 564,1447 609,1447 653,1450 698,1450 743,1450 788,1450 832,1450 877,1450 922,1453 967,1456 1012,1456 1056,1459 1101,1462 1146,1465 1191,1468 1236,1471"/>
                <TextEquiv>
                    <Unicode>Dadme palabra de se</Unicode>
                </TextEquiv>
            </TextLine>
            <TextLine id="tr_3_tl_2" custom="readingOrder {index:1;}">
                <Coords points="339,1536 666,1582 791,1548 1399,1587 1399,1504 1172,1521 1096,1462 959,1509 757,1516 664,1455 610,1489 339,1489"/>
                <Baseline points="352,1534 397,1531 441,1534 486,1537 531,1540 576,1543 620,1546 665,1549 710,1549 755,1549 800,1549 844,1546 889,1546 934,1546 979,1546 1024,1546 1068,1546 1113,1546 1158,1546 1203,1546 1247,1546 1292,1546 1337,1549 1382,1549 1406,1549"/>
                <TextEquiv>
                    <Unicode>mi esposo cuando seáis</Unicode>
                </TextEquiv>
            </TextLine>
            <TextLine id="tr_3_tl_3" custom="readingOrder {index:2;}">
                <Coords points="339,1650 476,1623 576,1670 745,1638 1096,1687 1177,1633 1387,1694 1450,1658 1680,1667 1680,1553 1604,1543 1470,1538 1321,1604 1172,1558 972,1584 796,1545 676,1584 339,1540"/>
                <Baseline points="352,1621 388,1621 432,1621 477,1624 522,1627 567,1630 612,1633 656,1633 701,1636 746,1636 791,1633 835,1636 880,1636 925,1633 970,1633 1015,1633 1059,1633 1104,1633 1149,1633 1194,1633 1238,1633 1283,1633 1328,1636 1373,1633 1418,1633 1462,1630 1507,1627 1552,1627 1597,1624 1642,1621 1686,1618"/>
                <TextEquiv>
                    <Unicode>Rey de Aragón. No dicáis</Unicode>
                </TextEquiv>
            </TextLine>
            <TextLine id="tr_3_tl_4" custom="readingOrder {index:3;}">
                <Coords points="371,1738 601,1719 771,1802 940,1736 1023,1777 1111,1743 1399,1750 1399,1694 1177,1633 1099,1684 876,1655 813,1687 742,1636 588,1677 437,1645 371,1680"/>
                <Baseline points="385,1716 429,1719 474,1716 519,1716 564,1716 609,1722 653,1728 698,1731 743,1737 788,1734 832,1731 877,1731 922,1731 967,1731 1012,1731 1056,1731 1101,1731 1146,1731 1191,1731 1236,1731 1280,1731 1325,1728 1370,1728 1406,1728"/>
                <TextEquiv>
                    <Unicode>esa que puede ofender</Unicode>
                </TextEquiv>
            </TextLine>
            <TextLine id="tr_3_tl_5" custom="readingOrder {index:4;}">
                <Coords points="315,1846 505,1819 706,1870 945,1833 1306,1899 1553,1850 1526,1743 1287,1785 937,1741 740,1802 613,1721 312,1733"/>
                <Baseline points="328,1818 373,1821 417,1818 462,1818 507,1821 552,1824 597,1827 641,1830 686,1830 731,1830 776,1830 821,1827 865,1824 910,1824 955,1824 1000,1824 1044,1824 1089,1824 1134,1824 1179,1827 1224,1827 1268,1830 1313,1833 1358,1836 1403,1839 1447,1839 1492,1839 1537,1842 1558,1845"/>
                <TextEquiv>
                    <Unicode>la vida de Carllos. Yo</Unicode>
                </TextEquiv>
            </TextLine>
            <TextLine id="tr_3_tl_6" custom="readingOrder {index:5;}">
                <Coords points="327,1916 1462,1995 1518,1987 1514,1843 1313,1899 942,1833 618,1872 505,1819 325,1865"/>
                <Baseline points="340,1910 385,1907 429,1910 474,1910 519,1910 564,1913 609,1919 653,1919 698,1919 743,1922 788,1922 832,1922 877,1922 922,1925 967,1931 1012,1931 1056,1934 1101,1937 1146,1940 1191,1940 1236,1943 1280,1943 1325,1946 1370,1949 1415,1949 1459,1952 1504,1955 1525,1952"/>
                <TextEquiv>
                    <Unicode>este imposible os suplica</Unicode>
                </TextEquiv>
            </TextLine>
            <TextLine id="tr_3_tl_7" custom="readingOrder {index:6;}">
                <Coords points="168,2082 300,2078 354,2031 830,2029 1011,2085 1106,2048 1162,2095 1272,2063 1404,2099 1484,2070 1482,1992 1289,1960 1140,1997 986,1936 903,1990 776,1931 569,1973 520,1926 161,1914"/>
                <Baseline points="179,2030 223,2021 268,2021 313,2015 358,2015 403,2018 447,2015 492,2015 537,2012 582,2012 626,2018 671,2024 716,2024 761,2024 806,2024 850,2027 895,2027 940,2030 985,2036 1030,2042 1074,2042 1119,2042 1164,2042 1209,2045 1253,2045 1298,2045 1343,2045 1388,2048 1433,2051 1477,2054 1489,2057"/>
                <TextEquiv>
                    <Unicode>Si mi amoros significo</Unicode>
                </TextEquiv>
            </TextLine>
            <TextLine id="tr_3_tl_8" custom="readingOrder {index:7;}">
                <Coords points="308,2165 579,2131 786,2197 891,2139 1113,2170 1155,2156 1150,2041 1047,2087 830,2029 520,2060 432,2024 303,2068"/>
                <Baseline points="319,2104 364,2104 409,2104 453,2104 498,2107 543,2110 588,2110 632,2113 677,2116 722,2119 767,2122 812,2125 856,2128 901,2131 946,2134 991,2134 1035,2140 1080,2140 1125,2143 1161,2149"/>
                <TextEquiv>
                    <Unicode>en imposibles orro,</Unicode>
                </TextEquiv>
            </TextLine>
            <TextLine id="tr_3_tl_9" custom="readingOrder {index:8;}">
                <Coords points="261,2241 784,2222 1609,2292 1601,2131 1467,2119 1377,2182 876,2143 786,2197 601,2134 256,2153"/>
                <Baseline points="271,2191 316,2191 361,2197 406,2200 450,2203 495,2206 540,2209 585,2212 629,2212 674,2218 719,2218 764,2218 809,2221 853,2224 898,2224 943,2224 988,2227 1032,2227 1077,2230 1122,2230 1167,2230 1212,2233 1256,2236 1301,2239 1346,2239 1391,2242 1436,2245 1480,2245 1525,2251 1570,2251 1612,2251"/>
                <TextEquiv>
                    <Unicode>esta palabra os lo diga.</Unicode>
                </TextEquiv>
            </TextLine>
            <TextEquiv>
                <Unicode></Unicode>
            </TextEquiv>
        </TextRegion>
        <TextRegion id="tr_2" custom="readingOrder {index:2;}">
            <Coords points="259,2239 1686,2239 1686,3404 259,3404"/>
            <TextLine id="tr_2_tl_1" custom="readingOrder {index:0;}">
                <Coords points="269,2366 391,2295 564,2336 793,2319 886,2366 1057,2324 1528,2383 1538,2251 1299,2297 955,2231 261,2241"/>
                <Baseline points="277,2295 322,2289 367,2289 412,2289 456,2295 501,2298 546,2304 591,2307 635,2310 680,2313 725,2313 770,2316 815,2319 859,2319 904,2322 949,2322 994,2322 1038,2319 1083,2322 1128,2325 1173,2328 1218,2331 1262,2334 1307,2337 1352,2337 1397,2340 1442,2346 1486,2352 1531,2358 1549,2361"/>
                <TextEquiv>
                    <Unicode>pues os la doy de casarme.</Unicode>
                </TextEquiv>
            </TextLine>
            <TextLine id="tr_2_tl_2" custom="readingOrder {index:1;}">
                <Coords points="251,2444 378,2400 693,2463 806,2412 1465,2475 1587,2456 1584,2388 1343,2336 1145,2334 1062,2380 964,2327 884,2363 779,2317 244,2300"/>
                <Baseline points="262,2378 310,2379 355,2388 400,2388 444,2388 489,2391 534,2391 579,2394 623,2397 668,2403 713,2406 758,2406 803,2409 847,2409 892,2412 937,2415 982,2415 1027,2415 1071,2415 1116,2421 1161,2424 1206,2427 1250,2427 1295,2430 1340,2433 1385,2433 1430,2436 1474,2439 1519,2439 1564,2445 1594,2448"/>
                <TextEquiv>
                    <Unicode>con vos y quiero obligarme</Unicode>
                </TextEquiv>
            </TextLine>
            <TextLine id="tr_2_tl_3" custom="readingOrder {index:2;}">
                <Coords points="266,2514 806,2519 996,2563 1228,2529 1440,2617 1682,2583 1677,2488 1523,2444 1194,2478 1003,2422 864,2449 786,2414 696,2466 544,2410 466,2444 261,2417"/>
                <Baseline points="277,2501 322,2498 367,2498 412,2495 456,2498 501,2498 546,2498 591,2501 635,2504 680,2507 725,2507 770,2510 815,2510 859,2510 904,2510 949,2507 994,2510 1038,2510 1083,2513 1128,2516 1173,2516 1218,2519 1262,2519 1307,2522 1352,2522 1397,2522 1442,2525 1486,2528 1531,2531 1576,2534 1621,2540 1665,2543 1686,2543"/>
                <TextEquiv>
                    <Unicode>si el dárosla a vos me obliga</Unicode>
                </TextEquiv>
            </TextLine>
            <TextLine id="tr_2_tl_4" custom="readingOrder {index:3;}">
                <Coords points="330,2676 461,2634 540,2666 693,2615 889,2666 1030,2627 1267,2644 1267,2573 1135,2534 976,2571 920,2536 693,2556 644,2522 588,2554 537,2514 330,2517"/>
                <Baseline points="343,2609 388,2618 432,2618 477,2615 522,2612 567,2612 612,2612 656,2612 701,2612 746,2612 791,2615 835,2615 880,2618 925,2618 970,2615 1015,2615 1059,2615 1104,2615 1149,2618 1194,2618 1238,2618 1274,2621"/>
                <TextEquiv>
                    <Unicode>que sois celo para mí</Unicode>
                </TextEquiv>
            </TextLine>
            <TextLine id="tr_2_tl_5" custom="readingOrder {index:4;}">
                <Coords points="264,2724 657,2712 723,2761 771,2729 830,2761 940,2715 1240,2756 1299,2742 1299,2678 1133,2688 1033,2627 889,2666 715,2615 542,2666 261,2659"/>
                <Baseline points="277,2704 322,2701 367,2704 412,2707 456,2707 501,2707 546,2710 591,2710 635,2713 680,2710 725,2710 770,2713 815,2713 859,2713 904,2716 949,2716 994,2716 1038,2719 1083,2719 1128,2719 1173,2719 1218,2719 1262,2719 1304,2719"/>
                <TextEquiv>
                    <Unicode>el día que de Aragón</Unicode>
                </TextEquiv>
            </TextLine>
            <TextLine id="tr_2_tl_6" custom="readingOrder {index:5;}">
                <Coords points="249,2861 371,2785 554,2844 696,2807 869,2856 945,2822 1406,2832 1404,2749 1306,2739 937,2715 725,2759 657,2710 535,2739 349,2702 247,2742"/>
                <Baseline points="259,2785 304,2782 349,2785 394,2788 438,2794 483,2791 528,2794 573,2797 618,2797 662,2797 707,2800 752,2806 797,2806 841,2812 886,2812 931,2812 976,2815 1021,2815 1065,2815 1110,2815 1155,2815 1200,2812 1244,2809 1289,2812 1334,2812 1379,2815 1409,2818"/>
                <TextEquiv>
                    <Unicode>fuere Rey. pero es razón</Unicode>
                </TextEquiv>
            </TextLine>
            <TextLine id="tr_2_tl_7" custom="readingOrder {index:6;}">
                <Coords points="269,2959 388,2903 544,2934 623,2893 762,2917 828,2969 964,2900 1130,2927 1128,2817 867,2856 789,2817 549,2839 383,2790 264,2837"/>
                <Baseline points="277,2875 322,2878 367,2881 412,2884 456,2884 501,2889 546,2889 591,2892 635,2895 680,2895 725,2898 770,2898 815,2898 859,2898 904,2901 949,2901 994,2901 1038,2904 1083,2904 1128,2907 1137,2907"/>
                <TextEquiv>
                    <Unicode>que no se sepa que fui</Unicode>
                </TextEquiv>
            </TextLine>
            <TextLine id="tr_2_tl_8" custom="readingOrder {index:7;}">
                <Coords points="281,2991 596,2998 715,3044 835,2998 1623,3027 1621,2944 1514,2971 1423,2903 1226,2949 967,2900 828,2969 625,2890 566,2939 371,2912 281,2951"/>
                <Baseline points="295,2979 340,2976 385,2979 429,2982 474,2985 519,2985 564,2988 609,2988 653,2991 698,2994 743,2994 788,2997 832,2997 877,2997 922,2997 967,2997 1012,2997 1056,2997 1101,2997 1146,3000 1191,3000 1236,3003 1280,3003 1325,3009 1370,3009 1415,3012 1459,3012 1504,3012 1549,3012 1594,3015 1627,3018"/>
                <TextEquiv>
                    <Unicode>tan loco amante, señora,</Unicode>
                </TextEquiv>
            </TextLine>
            <TextLine id="tr_2_tl_9" custom="readingOrder {index:8;}">
                <Coords points="312,3179 430,3103 579,3083 635,3117 1042,3088 1628,3125 1594,3020 837,2998 579,3052 518,3008 312,3005"/>
                <Baseline points="325,3087 370,3090 414,3087 459,3084 504,3084 549,3084 594,3084 638,3084 683,3084 728,3084 773,3087 818,3087 862,3087 907,3087 952,3087 997,3087 1041,3090 1086,3090 1131,3090 1176,3093 1221,3095 1265,3095 1310,3098 1355,3095 1400,3095 1444,3098 1489,3095 1534,3095 1579,3095 1624,3098 1633,3098"/>
                <TextEquiv>
                    <Unicode>queesta palabra os he dado</Unicode>
                </TextEquiv>
            </TextLine>
            <TextLine id="tr_2_tl_10" custom="readingOrder {index:9;}">
                <Coords points="461,3252 613,3257 813,3186 1167,3252 1265,3200 1301,3215 1282,3093 1167,3125 1042,3088 933,3139 828,3108 635,3117 588,3083 459,3103"/>
                <Baseline points="474,3181 522,3182 567,3176 612,3170 656,3170 701,3170 746,3173 791,3176 835,3176 880,3179 925,3182 970,3179 1015,3179 1059,3182 1104,3179 1149,3182 1194,3182 1238,3176 1283,3176 1304,3182"/>
                <TextEquiv>
                    <Unicode>que puede dar cuidado</Unicode>
                </TextEquiv>
            </TextLine>
            <TextEquiv>
                <Unicode>pues os la doy de casarme.
con vos y quiero obligarme
si el dárosla a vos me obliga
que sois celo para mí
el día que de Aragón
fuere Rey. pero es razón
que no se sepa que fui
tan loco amante, señora,
queesta palabra os he dado
que puede dar cuidado</Unicode>
            </TextEquiv>
        </TextRegion>
    </Page>
</PcGts>
