2479 3508
166 166 590 314 doses du
217 204 1216 397 Bachiller a toda ley
212 333 1578 496 Pues cuando quieras reinar
362 424 1441 572 jura que no me has de dar
408 521 1307 698 y serás mañana rey
1371 612 1455 714 Ddi
174 585 2327 821 ntren el Roy don Juan y
276 754 961 875 dea
177 786 2289 996 ¡Extraña nueva. La verdad te digo
217 891 2072 1098 Es posible Bernardo Rocaberto,
590 1006 2029 1200 tenga un hijo yo por enemigo
252 1068 1965 1318 Dudaba yo, señor,  que fueste cierto
472 1213 2241 1401 fui a verle y es verdad que en campo armada
459 1334 1956 1503 se muestra tu enemigo descubierto.
411 1396 2131 1583 con un luciente arnés blanto y dorado.
403 1524 2093 1667 en un bridón y media linzarota
386 1629 1841 1803 de acero en duras conchas escamado.
395 1731 1656 1871 a la rodilla de la negra bota
378 1817 1793 1970 llegando por debajo de la cuja
370 1919 2048 2083 la guarnicióse de la lustrosa cota
400 2015 1948 2203 tan sobrepeha
400 2109 1339 2252 en colores y plumas
392 2150 2104 2364 al árbol que mejor la primavera
378 2303 1865 2458 con esmaltadas flores se dibuja.
362 2429 2206 2574 la gente, en fin, que conocí primera
386 2491 2281 2646 me parezco la casa de agramonte
156 2590 335 2711 des
392 2601 2091 2767 su propio Rey dirán que Carlos era
403 2694 1871 2834 No sonacia por todo su horizonte.
180 2686 378 2856 vento
389 2788 1973 2941 otra cosa que cajas y trompetas
386 2877 2096 3046 como eres sol pretende ser tactonte
411 2984 1350 3167 Oh fortunas humanas
156 2947 309 3097 le
1382 3003 2042 3175 Qé imperfetas
