2479 3508
1972 189 2278 381 leses
379 201 1840 429 sois en vuestros discursos, que me admiro
2363 197 2476 341 des
400 341 1740 483 si estáis a tanta variedad sujetas.
348 419 1821 578 Apenas de Aragón el laurel miro
324 490 1787 672 resplandecer en mi dichosa frente.
322 585 1927 750 cuando por ser un labrador suspiro
339 677 2109 885 Mi hijo Carlos que tan tiernamente
346 779 2064 956 ame Bernardo contra mí la espada.
348 840 2256 1070 queaquel ser que le di quitarme intente
367 968 1998 1184 la cuenda queee tenido respetada
407 1072 1927 1276 del alma y de los ojos, el respeto
410 1134 2228 1394 me pierde a mí, que no le ofendo ennada.
421 1286 2086 1458 arlos tan gentilombre tan discreto.
365 1387 2121 1596 con alma tan feroz desdicha es mía.
348 1468 2081 1688 que no cupiera en él tan gran defecto.
445 1586 1740 1754 Carlos su mismo padre desafía.
391 1705 1797 1868 algún aguito fel se da consejo.
395 1814 2015 1965 Como Absalón contra David hazca.
360 1925 1967 2081 Pues mire que no puede haber espejo.
360 2005 1991 2152 de tan firmi cristal que no le rompa
350 2107 1960 2268 la injjusta fin razón de que me quejo.
331 2199 1960 2372 habrá que la codicia no corrompa?
353 2287 1986 2434 obodiencia y lealtad que no deshaga.
357 2372 2159 2531 que obligación que paz que no interompa
362 2460 2083 2628 Qué bien Fernarde tanto amor me paga.
369 2562 1918 2739 con que amigo no fuera trato doble.
362 2649 1967 2817 qu bien en él mi sangre se propaga
367 2746 2121 2919 pues guarde los cabellos del algún roble
360 2850 1946 3007 si bien no habrá joab tan atrevido.
395 2931 2221 3118 qu vierta a mi pesar sangre tan noble
379 3033 1799 3213 Yo tengo aquel ejército lucido
