2479 3508
97 142 593 332 loseston cesto
511 187 1655 384 redue al Rey de viseta
528 330 1780 509 Serafina, y sin que pierdas
522 433 2254 603 de tu valor, ama al Rey
560 539 2045 675 que esto es lealtad, y esto es fuerza.
550 636 1690 802 está prevenida a todo
534 739 1987 886 muentos llevó la respuesta
629 836 1991 1011 pues que ya te he perdido?
550 946 1830 1084 de nadie será la offensa.
543 1030 1558 1185 porque como con el Rey
528 1127 1853 1293 no puede haber competencia.
504 1226 1948 1371 rindo las armas y el alma
207 1284 334 1468 di.
515 1327 2030 1508 la espada asiento y el entra?
127 1409 420 1577 paras
534 1452 2043 1649 ¿Qué es esto Alejo? Señora,
116 1537 351 1690 celio
606 1571 1853 1758 efectos de un grande amor
590 1692 1741 1868 y haber un competidor
614 1795 1631 1950 quetoda Sicilia adora
506 1883 1998 2067 Pues en que soy yo culpada
578 2008 1590 2161 que me trata Celio así.
433 2088 1547 2252 Debe de culpar en ti.
685 2136 1980 2353 que en la muerte la espada
573 2280 1862 2476 porque culparla es locura.
573 2420 1939 2612 muerto el hombre, y así es ley
569 2524 2125 2720 injusta, si has muerto al Rey
547 2627 1927 2834 culpar Celio tu hermosura.
543 2737 1470 2886 Pues ella debe de ser
545 2814 1603 2993 la espada que le mató
554 2911 1567 3086 qeel amor te la pidió
528 3017 1601 3189 cómo seele acontecer
588 3095 1987 3319 pedirla un hombre a su amigo.
