2479 3508
393 152 1999 351 Nunca a Lalermo vine más contento.
408 291 1875 466 que parece que solo me detiene
413 393 1803 573 en esta edad casan a Serafina
416 513 1175 650 faesoramas
418 510 2062 737 fundar mi sucesión en mi sobrina.
378 672 2139 852 No la he visto perseo desde el día
436 802 2390 971 eAlejandro murió mi amado hermano.
408 896 1920 1058 acaban su hermosura y bizarría
438 994 1985 1170 que no fue pr mi lisonja en vano
443 1103 1875 1243 y más su discreción y cortesía
219 1116 371 1310 sel
431 1190 2169 1360 queen parte excede a todo el bien humano
403 1300 2134 1501 que dar naturaleza es gran ventura.
408 1402 2144 1564 con gran entendimiento la hermosura
503 1516 2104 1678 Antes vemos mil veces la belleza.
247 1531 418 1750 ceso
864 1638 969 1708 ser
433 1648 2059 1803 cuál suele en mármol un rebrato
443 1750 2074 1935 para ofensa mayor de la nobleza
227 1853 1930 2049 pasar sin alma de la vista al trato?
249 1952 2024 2131 mas cuando concedió naturaleza
316 2052 2107 2224 que no se muestre a su porcel ingrato
319 2164 1882 2348 el ingenio que todo lo asegura
311 2261 2027 2463 entonces es perfecta la hermosura
331 2918 2037 3085 que por consuelo de mis años lleve
341 3010 1621 3135 si felicemente mi partida
329 3055 1711 3292 d término dispone de la vida.
2014 132 2373 279 seses de
326 2361 2328 2555 Hablaré con el Rey, que el Rey Teodoro
356 2468 2136 2637 a los servicios de mi hermano debe
344 2577 1788 2756 qviva Serafina en el decoro.
324 2687 2266 2883 que de justicia anuestro honor le mueve.
361 2801 2082 3003 Yo no tengo otro bien ni otro tesoro.
